@misc{puppet,
        title={Puppet Labs: IT Automation Software for System Administrators},
        howpublished={http://puppetlabs.com/},
}
