@misc{Staples,
  author = {{THE WALL STREET JOURNAL}},
  title = {{Websites Vary Prices, Deals Based on Users' Information}},
  howpublished = {\url{http://www.wsj.com/articles/SB10001424127887323777204578189391813881534}},
  note = {Accessed: 02/02/2015},
}

@misc{Yelp,
  author = {{Yelp}},
  title = {{Yelp Dataset}},
  howpublished = {\url{http://www.yelp.com/dataset_challenge}},
  note = {Accessed: 02/11/2015},
}

@misc{CensusBureau,
  author = {{Census bureau}},
  title = {{United States Census Bureau}},
  howpublished = {\url{http://www.census.gov/}},
  note = {Accessed: 05/3/2015},
}


@inproceedings{FairnessAwareness,
 author = {{C. Dwork, M. Hardt, T. Pitassi, O. Reingold, and R. Zemel}},
 title = {{Fairness Through Awareness}},
 booktitle = {{Innovations in Theoretical Computer Science}},
 year = {2011},
}

@inproceedings{DisparateImpact,
 author = {{S. Friedler, C. Scheidegger, and S. Venkatasubramanian}},
 title = {{Certifying and removing disparate impact}},
 booktitle = {{ArXiv e-prints}},
 year = {2014},
}

@inproceedings{PriceDiscrimination,
   author = {Hannak, Aniko and Soeller, Gary and Lazer, David and Mislove, Alan and Wilson, Christo},
   title = {Measuring Price Discrimination and Steering on E-commerce Web Sites},
   booktitle = {Proceedings of the 2014 Conference on Internet Measurement Conference},
   series = {IMC '14},
   year = {2014},
   isbn = {978-1-4503-3213-2},
   location = {Vancouver, BC, Canada},
   pages = {305--318},
   numpages = {14},
   url = {http://doi.acm.org/10.1145/2663716.2663744},
   doi = {10.1145/2663716.2663744},
   acmid = {2663744},
   publisher = {ACM},
   address = {New York, NY, USA},
}

@article{HiringDiscrimination,
   author = {Acquisti, Alessandro and Fong, Christina M.},
   title = {An Experiment in Hiring Discrimination Via Online Social Networks},
   journal = {Social Science Research Network Working Paper Series},
   year = {2012},
   url = {http://ssrn.com/abstract=2031979},
}

@article{Sweeney:AdDiscrimination,
   author = {Sweeney, Latanya},
   title = {Discrimination in Online Ad Delivery},
   journal = {Commun. ACM},
   issue_date = {May 2013},
   volume = {56},
   number = {5},
   month = may,
   year = {2013},
   issn = {0001-0782},
   pages = {44--54},
   numpages = {11},
   url = {http://doi.acm.org/10.1145/2447976.2447990},
   doi = {10.1145/2447976.2447990},
   acmid = {2447990},
   publisher = {ACM},
   address = {New York, NY, USA},
}

@article{EmploymentDisc,
  title = {Reverse Regression, Fairness, and Employment Discrimination},
  author = {Conway, Delores A. and Roberts, Harry V.},
  journal = {Journal of Business \& Economic Statistics},
  volume = {1},
  number = {1},
  pages = {pp. 75-85},
  url = {http://www.jstor.org/stable/1391775},
  year = {1983},
  publisher = {Taylor \& Francis, Ltd. on behalf of American Statistical Association},
  copyright = {Copyright 1983 American Statistical Association},
}

@article{FairnessRegularization,
  author={Kamishima, T. and Akaho, S. and Sakuma, J.},
  booktitle={Data Mining Workshops (ICDMW), 2011 IEEE 11th International Conference on},
  title={Fairness-aware Learning through Regularization Approach},
  year={2011},
  month={Dec},
  pages={643-650},
  doi={10.1109/ICDMW.2011.83},
}



@article{FairRepresentation,
  publisher = {JMLR Workshop and Conference Proceedings},
  author = {Rich Zemel and Yu Wu and Kevin Swersky and Toni Pitassi and Cynthia Dwork},
  url = {http://jmlr.org/proceedings/papers/v28/zemel13.pdf},
  booktitle = {Proceedings of the 30th International Conference on Machine Learning (ICML-13)},
  title = {Learning Fair Representations}, 
  number = {3},
  month = {May},
  volume = {28},
  editor = {Sanjoy Dasgupta and David Mcallester},
  year = {2013},
  pages = {325-333},
}
